<collection xmlns="http://www.loc.gov/MARC21/slim">
   <record>
      <leader>02222cam a2200517oa 4500</leader>
      <controlfield tag="001">6813518</controlfield>
      <controlfield tag="003">CaONFJC</controlfield>
      <controlfield tag="005">20150227101354.0</controlfield>
      <controlfield tag="006">m     o  d        </controlfield>
      <controlfield tag="007">cr cnu---unuuu</controlfield>
      <controlfield tag="008">140927s2015    nyu     o     000 0 eng d</controlfield>
      <datafield ind1=" " ind2=" " tag="020">
         <subfield code="a">9781317630944</subfield>
         <subfield code="q">electronic bk.</subfield>
      </datafield>
      <datafield ind1=" " ind2=" " tag="020">
         <subfield code="a">1317630947</subfield>
         <subfield code="q">electronic bk.</subfield>
      </datafield>
      <datafield ind1=" " ind2=" " tag="020">
         <subfield code="a">9781138798205</subfield>
      </datafield>
      <datafield ind1=" " ind2=" " tag="020">
         <subfield code="a">9781138798199</subfield>
      </datafield>
      <datafield ind1=" " ind2=" " tag="020">
         <subfield code="a">9781315756691 (e-book)</subfield>
      </datafield>
      <datafield ind1=" " ind2=" " tag="020">
         <subfield code="a">1315756692 (e-book)</subfield>
      </datafield>
      <datafield ind1=" " ind2=" " tag="020">
         <subfield code="a">9781322157306 (MyiLibrary)</subfield>
      </datafield>
      <datafield ind1=" " ind2=" " tag="037">
         <subfield code="a">646985</subfield>
         <subfield code="b">MIL</subfield>
      </datafield>
      <datafield ind1=" " ind2=" " tag="039">
         <subfield code="a">exclude</subfield>
      </datafield>
      <datafield ind1=" " ind2=" " tag="040">
         <subfield code="a">CaONFJC</subfield>
         <subfield code="c">CaONFJC</subfield>
         <subfield code="d">AEU</subfield>
      </datafield>
      <datafield ind1=" " ind2="4" tag="050">
         <subfield code="a">BF723.S25 B75 2014</subfield>
      </datafield>
      <datafield ind1=" " ind2="7" tag="072">
         <subfield code="a">FAM</subfield>
         <subfield code="x">046000</subfield>
         <subfield code="2">bisacsh</subfield>
      </datafield>
      <datafield ind1=" " ind2="7" tag="072">
         <subfield code="a">PSY</subfield>
         <subfield code="x">039000</subfield>
         <subfield code="2">bisacsh</subfield>
      </datafield>
      <datafield ind1=" " ind2="7" tag="072">
         <subfield code="a">PSY</subfield>
         <subfield code="x">044000</subfield>
         <subfield code="2">bisacsh</subfield>
      </datafield>
      <datafield ind1=" " ind2="7" tag="072">
         <subfield code="a">PSY</subfield>
         <subfield code="x">000000</subfield>
         <subfield code="2">bisacsh</subfield>
      </datafield>
      <datafield ind1="0" ind2="4" tag="082">
         <subfield code="a">155.5125</subfield>
         <subfield code="2">22</subfield>
      </datafield>
      <datafield ind1=" " ind2=" " tag="090">
         <subfield code="a">Internet Access</subfield>
         <subfield code="b">AEGMCT</subfield>
      </datafield>
      <datafield ind1=" " ind2=" " tag="091">
         <subfield code="a">DO NOT ADD TO THIS RECORD - PSA PROJECT</subfield>
      </datafield>
      <datafield ind1="1" ind2=" " tag="100">
         <subfield code="a">Brier, Norman M.</subfield>
         <subfield code="0">http://id.loc.gov/authorities/names/n2006065214</subfield>
         <subfield code="0">http://viaf.org/viaf/70820410</subfield>
      </datafield>
      <datafield ind1="1" ind2="0" tag="245">
         <subfield code="a">Enhancing Self-Control in Adolescents</subfield>
         <subfield code="h">[electronic resource] :</subfield>
         <subfield code="b">Treatment Strategies Derived from Psychological Science.</subfield>
      </datafield>
      <datafield ind1=" " ind2=" " tag="260">
         <subfield code="a">New York :</subfield>
         <subfield code="b">Routledge,</subfield>
         <subfield code="c">2015.</subfield>
      </datafield>
      <datafield ind1=" " ind2=" " tag="300">
         <subfield code="a">1 online resource (146 p.)</subfield>
      </datafield>
      <datafield ind1=" " ind2=" " tag="336">
         <subfield code="a">text</subfield>
         <subfield code="b">txt</subfield>
         <subfield code="2">rdacontent</subfield>
         <subfield code="0">http://id.loc.gov/vocabulary/contentTypes/txt</subfield>
      </datafield>
      <datafield ind1=" " ind2=" " tag="337">
         <subfield code="a">computer</subfield>
         <subfield code="b">c</subfield>
         <subfield code="2">rdamedia</subfield>
         <subfield code="0">http://id.loc.gov/vocabulary/mediaTypes/c</subfield>
      </datafield>
      <datafield ind1=" " ind2=" " tag="338">
         <subfield code="a">online resource</subfield>
         <subfield code="b">cr</subfield>
         <subfield code="2">rdacarrier</subfield>
         <subfield code="0">http://id.loc.gov/vocabulary/carriers/cr</subfield>
      </datafield>
      <datafield ind1=" " ind2=" " tag="504">
         <subfield code="a">Includes bibliographical references and index.</subfield>
      </datafield>
      <datafield ind1=" " ind2=" " tag="506">
         <subfield code="a">Access restricted to authorized users and institutions.</subfield>
      </datafield>
      <datafield ind1=" " ind2=" " tag="596">
         <subfield code="a">57</subfield>
      </datafield>
      <datafield ind1=" " ind2="0" tag="650">
         <subfield code="a">Self-control in adolescence.</subfield>
         <subfield code="0">http://id.loc.gov/authorities/subjects/sh91006119</subfield>
      </datafield>
      <datafield ind1=" " ind2="0" tag="650">
         <subfield code="a">Adolescent psychology.</subfield>
         <subfield code="0">http://id.loc.gov/authorities/subjects/sh85000969</subfield>
      </datafield>
      <datafield ind1=" " ind2=" " tag="758">
         <subfield code="0">http://worldcat.org/entity/work/id/539147</subfield>
      </datafield>
      <datafield ind1="0" ind2=" " tag="787">
         <subfield code="n">OCLC Work Id</subfield>
         <subfield code="o">http://worldcat.org/entity/work/id/539147</subfield>
      </datafield>
      <datafield ind1="4" ind2="0" tag="856">
         <subfield code="3">MacEwan University Access</subfield>
         <subfield code="u">http://lib.myilibrary.com/detail.asp?ID=646985</subfield>
         <subfield code="z">(Single User Access)</subfield>
      </datafield>
      <datafield ind1=" " ind2=" " tag="949">
         <subfield code="w">ORDER</subfield>
         <subfield code="h">UAIN</subfield>
         <subfield code="m">GR_MAC_INT</subfield>
         <subfield code="z">MILGMPSA</subfield>
      </datafield>
      <datafield ind1=" " ind2=" " tag="926">
         <subfield code="a">Internet Access</subfield>
         <subfield code="w">ORDER</subfield>
         <subfield code="c">1</subfield>
         <subfield code="i">6813518-1001</subfield>
         <subfield code="l">INTERNET</subfield>
         <subfield code="m">GR_MAC_INT</subfield>
         <subfield code="r">Y</subfield>
         <subfield code="s">Y</subfield>
         <subfield code="t">E-RESOURCE</subfield>
         <subfield code="u">3/2/2015</subfield>
         <subfield code="x">E-BOOK</subfield>
         <subfield code="z">MILGMPSA</subfield>
      </datafield>
   </record>
</collection>
